% This file was created with JabRef 2.10.
% Encoding: Cp1252


@Article{Appenzeller2004,
  Title                    = {Sizing Router Buffers},
  Author                   = {G. Appenzeller and I. Keslassy and N. McKeown},
  Journal                  = {SIGCOMM Comput. Commun. Rev.},
  Year                     = {2004},

  Month                    = aug,
  Number                   = {4},
  Pages                    = {281--292},
  Volume                   = {34},

  Acmid                    = {1015499},
  Address                  = {New York, NY, USA},
  Doi                      = {10.1145/1030194.1015499},
  ISSN                     = {0146-4833},
  Issue_date               = {October 2004},
  Keywords                 = {TCP, bandwidth delay product, buffer size, internet router},
  Numpages                 = {12},
  Owner                    = {Domi},
  Publisher                = {ACM},
  Timestamp                = {2014.05.03}
}

@Article{Athuraliya2001,
  Title                    = {REM: active queue management},
  Author                   = {S. Athuraliya and S.H. Low and V.H. Li and Qinghe Yin},
  Journal                  = {Network, IEEE},
  Year                     = {2001},

  Month                    = may,
  Number                   = {3},
  Pages                    = {48--53},
  Volume                   = {15},

  Doi                      = {10.1109/65.923940},
  ISSN                     = {0890-8044},
  Keywords                 = {delays;queueing theory;radio networks;telecommunication congestion control;telecommunication network management;transport protocols;active queue management;bandwidth;congestion measure;delay;loss;match rate clear buffer;performance measure;price;queue length;random exponential marking;simulation results;wireless TCP;wireless networks;wireline networks;Aggregates;Algorithm design and analysis;Bandwidth;Delay;Length measurement;Loss measurement;Performance loss;Piecewise linear techniques;Target tracking;Technology management},
  Owner                    = {Domi},
  Timestamp                = {2014.05.03}
}

@Article{Demers1989,
  Title                    = {Analysis and Simulation of a Fair Queueing Algorithm},
  Author                   = {A. Demers and S. Keshav and S. Shenker},
  Journal                  = {SIGCOMM Comput. Commun. Rev.},
  Year                     = {1989},

  Month                    = aug,
  Number                   = {4},
  Pages                    = {1--12},
  Volume                   = {19},

  Acmid                    = {75248},
  Address                  = {New York, NY, USA},
  Doi                      = {10.1145/75247.75248},
  ISSN                     = {0146-4833},
  Issue_date               = {Sep. 1989},
  Numpages                 = {12},
  Owner                    = {Domi},
  Publisher                = {ACM},
  Timestamp                = {2014.05.03}
}

@Article{Feng2002,
  Title                    = {The BLUE Active Queue Management Algorithms},
  Author                   = {W. Feng and K.G. Shin and D.D. Kandlur and D. Saha},
  Journal                  = {IEEE/ACM Trans. Netw.},
  Year                     = {2002},

  Month                    = aug,
  Number                   = {4},
  Pages                    = {513--528},
  Volume                   = {10},

  Acmid                    = {581869},
  Address                  = {Piscataway, NJ, USA},
  Doi                      = {10.1109/TNET.2002.801399},
  ISSN                     = {1063-6692},
  Issue_date               = {August 2002},
  Keywords                 = {congestion control, fair queue, networks, queue management},
  Numpages                 = {16},
  Owner                    = {Domi},
  Publisher                = {IEEE Press},
  Timestamp                = {2014.05.03}
}

@InProceedings{Firoiu2000,
  Title                    = {A study of active queue management for congestion control},
  Author                   = {V. Firoiu and M. Borden},
  Booktitle                = {INFOCOM 2000. Nineteenth Annual Joint Conference of the IEEE Computer and Communications Societies. Proceedings. IEEE},
  Year                     = {2000},
  Month                    = mar,
  Pages                    = {1435--1444vol.3},
  Volume                   = {3},

  Doi                      = {10.1109/INFCOM.2000.832541},
  ISSN                     = {0743-166X},
  Keywords                 = {Internet;computer network management;feedback;queueing theory;telecommunication congestion control;telecommunication network routing;telecommunication traffic;transport protocols;Internet congestion control;RED implementation;TCP/IP networks;active queue management;congestion control modules;fast path forwarding;feedback control system;large traffic oscillations;random early detection;routers;traffic dynamics;unnecessary overhead;Communication system traffic control;Control systems;Feedback control;IP networks;Proposals;Protocols;Queueing analysis;Stability;TCPIP;Traffic control},
  Owner                    = {Domi},
  Timestamp                = {2014.05.03}
}

@Article{Floyd1994,
  Title                    = {TCP and Explicit Congestion Notification},
  Author                   = {S. Floyd},
  Journal                  = {SIGCOMM Comput. Commun. Rev.},
  Year                     = {1994},

  Month                    = oct,
  Number                   = {5},
  Pages                    = {8--23},
  Volume                   = {24},

  Acmid                    = {205512},
  Address                  = {New York, NY, USA},
  Doi                      = {10.1145/205511.205512},
  ISSN                     = {0146-4833},
  Issue_date               = {Oct. 1994},
  Numpages                 = {16},
  Owner                    = {Domi},
  Publisher                = {ACM},
  Timestamp                = {2014.05.03}
}

@TechReport{Floyd1997,
  Title                    = {Router Mechanisms to Support End-to-End Congestion Control},
  Author                   = {S. Floyd and K. Fall},
  Institution              = {Lawrence Berkeley National Laboratory, Berkeley CA},
  Year                     = {1997},

  Owner                    = {Domi},
  Timestamp                = {2014.05.03}
}

@TechReport{Floyd2001,
  Title                    = {Adaptive RED: An Algorithm for Increasing the Robustness of RED's Active Queue Management},
  Author                   = {S. Floyd and R. Gummadi and S. Shenker},
  Institution              = {AT\&T Center for Internet Research at ICSI},
  Year                     = {2001},

  Owner                    = {Domi},
  Timestamp                = {2014.05.03}
}

@Article{Floyd1993,
  Title                    = {Random early detection gateways for congestion avoidance},
  Author                   = {S. Floyd and V. Jacobson},
  Journal                  = {Networking, IEEE/ACM Transactions on},
  Year                     = {1993},

  Month                    = aug,
  Number                   = {4},
  Pages                    = {397--413},
  Volume                   = {1},

  Doi                      = {10.1109/90.251892},
  ISSN                     = {1063-6692},
  Keywords                 = {internetworking;network servers;packet switching;protocols;queueing theory;TCP;TCP/IP network;average queue size;bandwidth;bursty traffic;congestion avoidance;gateways;packet-switched networks;performance;random early detection;simulations;transport-layer congestion control protocol;Bandwidth;Delay effects;Delay estimation;Feedback;High-speed networks;Propagation delay;TCPIP;Throughput;Traffic control;Transport protocols},
  Owner                    = {Domi},
  Timestamp                = {2014.05.03}
}

@InProceedings{Hollot2001,
  Title                    = {On designing improved controllers for AQM routers supporting {TCP} flows},
  Author                   = {C.V. Hollot and V. Misra and D. Towsley and W.-B. Gong},
  Booktitle                = {INFOCOM 2001. Twentieth Annual Joint Conference of the IEEE Computer and Communications Societies. Proceedings. IEEE},
  Year                     = {2001},
  Pages                    = {1726--1734vol.3},
  Volume                   = {3},

  Doi                      = {10.1109/INFCOM.2001.916670},
  ISSN                     = {0743-166X},
  Keywords                 = {controllers;queueing theory;telecommunication control;telecommunication network management;telecommunication network routing;transport protocols;AQM routers;PI controller;TCP flows;active queue management;classical control system techniques;implementation techniques;improved controllers;linearized model;load level propagation delay;proportional integral controller;stable controller;Analytical models;Control systems;Guidelines;Optimal control;Performance analysis;Pi control;Propagation delay;Proportional control;Stability;Steady-state},
  Owner                    = {Domi},
  Timestamp                = {2014.05.03}
}

@Article{Jain1990,
  Title                    = {Congestion control in computer networks: issues and trends},
  Author                   = {R. Jain},
  Journal                  = {Network, IEEE},
  Year                     = {1990},

  Month                    = may,
  Number                   = {3},
  Pages                    = {24--30},
  Volume                   = {4},

  Doi                      = {10.1109/65.56532},
  ISSN                     = {0890-8044},
  Keywords                 = {computer networks;protocols;telecommunication network management;telecommunications computer control;DECbit scheme;computer networks;congestion control;delay-based scheme;protocol design;timeout-based congestion control;Automatic control;Bandwidth;Computer networks;Intelligent networks;Packet switching;Proposals;Protocols;Resource management;Switches;Throughput},
  Owner                    = {Domi},
  Timestamp                = {2014.05.03}
}

@Article{Kunniyur2001,
  Title                    = {Analysis and Design of an Adaptive Virtual Queue (AVQ) Algorithm for Active Queue Management},
  Author                   = {S. Kunniyur and R. Srikant},
  Journal                  = {SIGCOMM Comput. Commun. Rev.},
  Year                     = {2001},

  Month                    = aug,
  Number                   = {4},
  Pages                    = {123--134},
  Volume                   = {31},

  Acmid                    = {383069},
  Address                  = {New York, NY, USA},
  Doi                      = {10.1145/964723.383069},
  ISSN                     = {0146-4833},
  Issue_date               = {October 2001},
  Numpages                 = {12},
  Owner                    = {Domi},
  Publisher                = {ACM},
  Timestamp                = {2014.05.03}
}

@InProceedings{Le2003,
  Title                    = {The Effects of Active Queue Management on Web Performance},
  Author                   = {L. Le and J. Aikat and K. Jeffay and F.D. Smith},
  Booktitle                = {Proceedings of the 2003 Conference on Applications, Technologies, Architectures, and Protocols for Computer Communications},
  Year                     = {2003},

  Address                  = {New York, NY, USA},
  Pages                    = {265--276},
  Publisher                = {ACM},
  Series                   = {SIGCOMM '03},

  Acmid                    = {863986},
  Doi                      = {10.1145/863955.863986},
  ISBN                     = {1-58113-735-4},
  Keywords                 = {active queue management, congestion control, web performance},
  Location                 = {Karlsruhe, Germany},
  Numpages                 = {12},
  Owner                    = {Domi},
  Timestamp                = {2014.05.03}
}

@InProceedings{Morris1997,
  Title                    = {{TCP} Behavior with Many Flows},
  Author                   = {R. Morris},
  Booktitle                = {Proceedings of the 1997 International Conference on Network Protocols (ICNP '97)},
  Year                     = {1997},

  Address                  = {Washington, DC, USA},
  Pages                    = {205--},
  Publisher                = {IEEE Computer Society},
  Series                   = {ICNP '97},

  Acmid                    = {852431},
  ISBN                     = {0-8186-8061-X},
  Keywords                 = {Internet, TCP behavior, buffering, congestion window, delay-bandwidth product, minimum congestion window, packet loss rate},
  Owner                    = {Domi},
  Timestamp                = {2014.05.03},
  Url                      = {http://dl.acm.org/citation.cfm?id=850935.852431}
}

@InProceedings{Pan2000,
  Title                    = {CHOKe - a stateless active queue management scheme for approximating fair bandwidth allocation},
  Author                   = {R. Pan and B. Prabhakar and K. Psounis},
  Booktitle                = {INFOCOM 2000. Nineteenth Annual Joint Conference of the IEEE Computer and Communications Societies. Proceedings. IEEE},
  Year                     = {2000},
  Pages                    = {942--951vol.2},
  Volume                   = {2},

  Doi                      = {10.1109/INFCOM.2000.832269},
  ISSN                     = {0743-166X},
  Keywords                 = {bandwidth allocation;buffer storage;queueing theory;scheduling;telecommunication congestion control;telecommunication network management;telecommunication network routing;CHOKe;FIFO buffer;approximation;congested router;fair bandwidth allocation;fair queueing policy;flow control;packet dropping scheme;stateless active queue management;Bandwidth;Channel allocation;Costs;Engineering management;Inductors;Partitioning algorithms;Quality of service;Scheduling algorithm;State estimation;Web and internet services},
  Owner                    = {Domi},
  Timestamp                = {2014.05.03}
}

@Misc{Ramakrishnan1999,
  Title                    = {A Proposal to Add Explicit Congestion Notification (ECN) to IP},

  Author                   = {K. Ramakrishnan and S. Floyd},
  Year                     = {1999},

  Address                  = {United States},
  Owner                    = {Domi},
  Publisher                = {RFC Editor},
  Timestamp                = {2014.05.03}
}

@InProceedings{Suter1998,
  Title                    = {Design considerations for supporting {TCP} with per-flow queueing},
  Author                   = {B. Suter and T.V. Lakshman and D. Stiliadis and A. Choudhury},
  Booktitle                = {INFOCOM '98. Seventeenth Annual Joint Conference of the IEEE Computer and Communications Societies. Proceedings. IEEE},
  Year                     = {1998},
  Month                    = mar,
  Pages                    = {299--306vol.1},
  Volume                   = {1},

  Doi                      = {10.1109/INFCOM.1998.659666},
  ISSN                     = {0743-166X},
  Keywords                 = {buffer storage;queueing theory;telecommunication congestion control;telecommunication traffic;transport protocols;ACK compression;TCP traffic;TCP-unfriendly traffic sources;bottleneck link;buffer management schemes;design considerations;fair queueing;greedy connections;interactive connections;long round-trip times;low latency;packet dropping;per-flow queueing;protection;two-way traffic;Adaptive control;Appropriate technology;Bandwidth;Control systems;Delay;Protection;Switches;Technology management;Throughput;Traffic control},
  Owner                    = {Domi},
  Timestamp                = {2014.05.03}
}

@Article{Suter1998a,
  Title                    = {Efficient Active Queue Management for Internet Routers},
  Author                   = {B. Suter and T.V. Lakshman and D. Stiliadis and A. Choudhury},
  Journal                  = {Proceedings of INTEROP, Engineering Conference},
  Year                     = {1998},

  Owner                    = {Domi},
  Timestamp                = {2014.05.03}
}

@Book{Wolff1998,
  Title                    = {Stochastic modeling and the theory of queues},
  Author                   = {R.W. Wolff},
  Publisher                = {Prentice Hall},
  Year                     = {1998},

  Owner                    = {Domi},
  Timestamp                = {2014.05.03}
}

