% This file was created with JabRef 2.10.
% Encoding: Cp1252


@Article{Appenzeller2004,
  Title                    = {Sizing Router Buffers},
  Author                   = {G. Appenzeller and I. Keslassy and N. McKeown},
  Journal                  = {SIGCOMM Comput. Commun. Rev.},
  Year                     = {2004},
  Number                   = {4},
  Volume                   = {34}
}

@Article{Athuraliya2001,
  Title                    = {REM: active queue management},
  Author                   = {S. Athuraliya and S.H. Low and V.H. Li and Qinghe Yin},
  Journal                  = {Network, IEEE},
  Year                     = {2001},
  Number                   = {3},
  Volume                   = {15}
}

@Misc{Braden1998,
  author                   = {B. Braden and D. Clark and J. Crowcroft and B. Davie and S. Deering and D. Estrin and S. Floyd and V. Jacobson and G. Minshall and C. Partridge and L. Peterson and K. Ramakrishnan and S. Shenker and J. Wroclawski and L. Zhang},
  title                    = {Recommendations on Queue Management and Congestion Avoidance in the Internet},
  year                     = {1998},
  publisher                = {RFC Editor},
  address                  = {United States}
} 

@Article{Demers1989,
  Title                    = {Analysis and Simulation of a Fair Queueing Algorithm},
  Author                   = {A. Demers and S. Keshav and S. Shenker},
  Journal                  = {SIGCOMM Comput. Commun. Rev.},
  Year                     = {1989},
  Number                   = {4},
  Volume                   = {19}
}

@article{Crowcroft1998,
 author = {J. Crowcroft and P. Oechslin},
 title = {Differentiated End-to-end Internet Services Using a Weighted Proportional Fair Sharing TCP},
 journal = {SIGCOMM Comput. Commun. Rev.},
 volume = {28},
 number = {3},
 year = {1998},
 publisher = {ACM},
 address = {New York, NY, USA}
} 

@ARTICLE{Feng1999,
TITLE								= {BLUE: A New Class of Active Queue Management Algorithms},
AUTHOR							= {W. Feng and K.G. Shin and D.D. Kandlur and D. Saha},
YEAR								= {1999}
}

@Article{Feng2002,
  Title                    = {The BLUE Active Queue Management Algorithms},
  Author                   = {W. Feng and K.G. Shin and D.D. Kandlur and D. Saha},
  Journal                  = {IEEE/ACM Trans. Netw.},
  Year                     = {2002},
  Number                   = {4},
  Volume                   = {10}
}

@InProceedings{Firoiu2000,
  Title                    = {A study of active queue management for congestion control},
  Author                   = {V. Firoiu and M. Borden},
  Booktitle                = {INFOCOM 2000. Nineteenth Annual Joint Conference of the IEEE Computer and Communications Societies. Proceedings. IEEE},
  Year                     = {2000},
  Volume                   = {3}
}

@Article{Floyd1993,
  Title                    = {Random early detection gateways for congestion avoidance},
  Author                   = {S. Floyd and V. Jacobson},
  Journal                  = {Networking, IEEE/ACM Transactions on},
  Year                     = {1993},
  Number                   = {4},
  Volume                   = {1}
}

@Article{Floyd1994,
  Title                    = {TCP and Explicit Congestion Notification},
  Author                   = {S. Floyd},
  Journal                  = {SIGCOMM Comput. Commun. Rev.},
  Year                     = {1994},
  Number                   = {5},
  Volume                   = {24}
}

@TechReport{Floyd1997,
  Title                    = {Router Mechanisms to Support End-to-End Congestion Control},
  Author                   = {S. Floyd and K. Fall},
  Institution              = {Lawrence Berkeley National Laboratory, Berkeley CA},
  Year                     = {1997}
}

@Electronic{Floyd1997a,
  Author				= {S. Floyd},
  Title					= {RED: Discussions of Setting Parameters},
  url					= {http://www.aciri.org/floyd/REDparameters.txt},
  Year					= 1997
}

@TechReport{Floyd2001,
  Title                    = {Adaptive RED: An Algorithm for Increasing the Robustness of RED's Active Queue Management},
  Author                   = {S. Floyd and R. Gummadi and S. Shenker},
  Institution              = {AT\&T Center for Internet Research at ICSI},
  Year                     = {2001}
}

@TechReport{Graffi2007,
  Title                    = {Taxonomy of Active Queue Management Strategies in Context of Peer-to-Peer Scenarios},
  Author                   = {K. Graffi and K. Pussep and N. Liebau and R. Steinmetz},
  Institution              = {Technische Universität Darmstadt},
  Year                     = {2007}
}

@InProceedings{Hollot2001,
  Title                    = {On designing improved controllers for AQM routers supporting TCP flows},
  Author                   = {C.V. Hollot and V. Misra and D. Towsley and W.-B. Gong},
  Booktitle                = {INFOCOM 2001. Twentieth Annual Joint Conference of the IEEE Computer and Communications Societies. Proceedings. IEEE},
  Year                     = {2001},
  Volume                   = {3}
}

@Article{Jain1990,
  Title                    = {Congestion control in computer networks: issues and trends},
  Author                   = {R. Jain},
  Journal                  = {Network, IEEE},
  Year                     = {1990},
  Number                   = {3},
  Volume                   = {4}
}

@article{Jain1996,
  Title                    = {Congestion Control and Traffic Management in ATM Networks: Recent Advances and a Survey},
  Author                   = {R. Jain},
  Journal                  = {Comput. Netw. ISDN Syst.},
  Volume                   = {28},
  Number                   = {13},
  Year                     = {1996},
  Publisher                = {Elsevier Science Publishers B. V.}
} 

@Article{Kunniyur2001,
  Title                    = {Analysis and Design of an Adaptive Virtual Queue (AVQ) Algorithm for Active Queue Management},
  Author                   = {S. Kunniyur and R. Srikant},
  Journal                  = {SIGCOMM Comput. Commun. Rev.},
  Year                     = {2001},
  Number                   = {4},
  Volume                   = {31}
}

@InProceedings{Le2003,
  Title                    = {The Effects of Active Queue Management on Web Performance},
  Author                   = {L. Le and J. Aikat and K. Jeffay and F.D. Smith},
  Booktitle                = {Proceedings of the 2003 Conference on Applications, Technologies, Architectures, and Protocols for Computer Communications},
  Year                     = {2003},
  Publisher                = {ACM},
  Series                   = {SIGCOMM '03}
}

@Electronic{McCanne,
	TITLE					= {ns Version 1 - LBNL Network Simulator},
	AUTHOR					= {S. McCanne and S. Floayd and K. Fall},
	url						= {http://ee.lbl.gov/ns/}
}

@InProceedings{Morris1997,
  Title                    = {TCP Behavior with Many Flows},
  Author                   = {R. Morris},
  Booktitle                = {Proceedings of the 1997 International Conference on Network Protocols (ICNP '97)},
  Year                     = {1997},
  Publisher                = {IEEE Computer Society},
  Series                   = {ICNP '97}
}

@article{Nagle1984,
  author                   = {J. Nagle},
  title                    = {Congestion Control in IP/TCP Internetworks},
  journal                  = {SIGCOMM Comput. Commun. Rev.},
  volume                   = {14},
  number                   = {4},
  year                     = {1984},
  address                  = {New York, NY, USA}
}

@Misc{Oldak2006,
 title     = "Active queue management for differentiated services",
 author    = "S. Oldak and W. Gong and C.V. Hollot and D. Towsley and V. Misra and Y. Chait",
 year      = "2006"
}

@InProceedings{Pan2000,
  Title                    = {CHOKe - a stateless active queue management scheme for approximating fair bandwidth allocation},
  Author                   = {R. Pan and B. Prabhakar and K. Psounis},
  Booktitle                = {INFOCOM 2000. Nineteenth Annual Joint Conference of the IEEE Computer and Communications Societies. Proceedings. IEEE},
  Year                     = {2000},
  Volume                   = {2}
}

@Misc{Pan2008,
	title		= "Active queue management toward fair bandwidth allocation",
	author		= "R. Pan and B. Prabhakar and K. Psounis",
	year		= "2008",
	number		= "US 09/783,701"
}

@Misc{Ramakrishnan1999,
  author                   = {K. Ramakrishnan and AT&T Labs Research and S. Floyd},
  title                    = {A Proposal to add Explicit Congestion Notification (ECN) to IP},
  year                     = {1999},
  publisher                = {RFC Editor},
  address                  = {United States}
} 

@misc{Ramakrishnan2001,
 author                    = {K. Ramakrishnan and S. Floyd and D. Black},
 title                     = {The Addition of Explicit Congestion Notification (ECN) to IP},
 year                      = {2001},
 publisher                 = {RFC Editor},
 address                   = {United States},
} 

@Misc{Stevens1997,
  author                   = {W. Stevens},
  title                    = {TCP Slow Start, Congestion Avoidance, Fast Retransmit, and Fast Recovery Algorithms},
  year                     = {1997},
  publisher                = {RFC Editor},
  address                  = {United States}
}

@Misc{Socolofsky1991,
  author = {T.J. Socolofsky and C.J. Kale},
  howpublished = {RFC 1180 (Informational)},
  number = 1180,
  organization = {Internet Engineering Task Force},
  publisher = {IETF},
  series = {Request for Comments},
  title = {TCP/IP tutorial},
  year = 1991
}

@InProceedings{Suter1998,
  Title                    = {Design considerations for supporting TCP with per-flow queueing},
  Author                   = {B. Suter and T.V. Lakshman and D. Stiliadis and A. Choudhury},
  Booktitle                = {INFOCOM '98. Seventeenth Annual Joint Conference of the IEEE Computer and Communications Societies. Proceedings. IEEE},
  Year                     = {1998},
  Volume                   = {1}
}

@InProceedings{Suter1998a,
  Title                    = {Efficient Active Queue Management for Internet Routers},
  Author                   = {B. Suter and T.V. Lakshman and D. Stiliadis and A. Choudhury},
  Booktitle                = {Proceedings of INTEROP, Engineering Conference},
  Year                     = {1998}
}

@BOOK{Tannenbaum2012,
AUTHOR							= {A. Tannenbaum and D. Wetherall},
TITLE							= {Computernetzwerke},
PUBLISHER						= {Pearson Deutschland GmbH},
YEAR							= {2012}
}

@Book{Wolff1998,
  Title                    = {Stochastic modeling and the theory of queues},
  Author                   = {R.W. Wolff},
  Publisher                = {Prentice Hall},
  Year                     = {1998}
}
